@article{reference1,
    author = {Carroll, James and Koukoura, Sofia and McDonald, Alasdair and Charalambous, Anastasis and Weiss, Stephan and McArthur, Stephen},
    title = {Wind turbine gearbox failure and remaining useful life prediction using machine learning techniques},
    journal = {Wind Energy},
    volume = {22},
    number = {3},
    pages = {360-375},
    doi = {https://doi.org/10.1002/we.2290},
    year = {2019}
}

@article{reference2,
    author = {Effi Latiffianti, Shawn Sheng and Yu Ding},
    title = {Wind Turbine Gearbox Failure Detection Through Cumulative Sum of Multivariate Time Series Data},
    journal = {Frontiers},
    volume = {10},
    doi = {https://doi.org/10.3389/fenrg.2022.904622},
    year = {2022}
}

@article{reference3,
    author = {Singh, H., Pulikollu, R.V., Hawkins, W. et al.},
    title = {Investigation of Microstructural Alterations in Low- and High-Speed Intermediate-Stage Wind Turbine Gearbox Bearings},
    journal = {Tribol Lett},
    volume = {65},
    doi = {https://doi.org/10.1007/s11249-017-0861-5},
    year = {2017}
}

@online{STLE,
    author = "Andrea R. Aikin, Contributing Editor",
    title = "Bearing and gearbox failures: Challenge to wind turbines",
    url  = "https://www.stle.org/files/TLTArchives/2020/08_August/Feature.aspx?WebsiteKey=a70334df-8659-42fd-a3bd-be406b5b83e5",
    addendum = "TLT Feature Article August 2020"
}

