@article{reference1,
    author = {Carroll, James and Koukoura, Sofia and McDonald, Alasdair and Charalambous, Anastasis and Weiss, Stephan and McArthur, Stephen},
    title = {Wind turbine gearbox failure and remaining useful life prediction using machine learning techniques},
    journal = {Wind Energy},
    volume = {22},
    number = {3},
    pages = {360-375},
    doi = {https://doi.org/10.1002/we.2290},
    year = {2019}
}

@article{reference2,
    author = {Effi Latiffianti, Shawn Sheng and Yu Ding},
    title = {Wind Turbine Gearbox Failure Detection Through Cumulative Sum of Multivariate Time Series Data},
    journal = {Frontiers},
    volume = {10},
    doi = {https://doi.org/10.3389/fenrg.2022.904622},
    year = {2022}
}

@article{reference3,
    author = {Singh, H. and Pulikollu, R.V. and Hawkins, W. et al.},
    title = {Investigation of Microstructural Alterations in Low- and High-Speed Intermediate-Stage Wind Turbine Gearbox Bearings},
    journal = {Tribol Lett},
    volume = {65},
    doi = {https://doi.org/10.1007/s11249-017-0861-5},
    year = {2017}
}


@article{reference6,
    author = {Tuerxun W, Xu C, Haderbieke M, Guo L, Cheng Z},
    title = {A Wind Turbine Fault Classification Model Using Broad Learning System Optimized by Improved Pelican Optimization Algorithm},
    journal = {Machines},
    volume = {10(5):407},
    doi = {https://doi.org/10.3390/machines10050407},
    year = {2022}
}

@article{article,
    author = {Leahy, Kevin and Hu, R. and Konstantakopoulos, Ioannis and Spanos, Costas and Agogino, Alice and O' Sullivan, Dominic},
    year = {2018},
    month = {02},
    pages = {},
    title = {Diagnosing and Predicting Wind Turbine Faults from SCADA Data Using Support Vector Machines},
    volume = {9},
    journal = {International Journal of Prognostics and Health Management},
    doi = {10.36001/ijphm.2018.v9i1.2692}
}
@online{STLE,
    author = {Andrea R. Aikin, Contributing Editor},
    title = {"Bearing and gearbox failures: Challenge to wind turbines"},
    url  = {"https://www.stle.org/files/TLTArchives/2020/08_August/Feature.aspx?WebsiteKey=a70334df-8659-42fd-a3bd-be406b5b83e5"},
    addendum = {"TLT Feature Article August 2020"}
}

@article{reference5,
    author = {Andrea R. Aikin, Contributing Editor},
    title = {Bearing and gearbox failures: Challenge to wind turbines},
    journal = {https://www.stle.org/files/TLTArchives/2020/08_August/Feature.aspx?WebsiteKey=a70334df-8659-42fd-a3bd-be406b5b83e5},
    volume = {10},
    doi = {https://doi.org/10.3389/fenrg.2022.904622},
    year = {2022}
}

@article{reference7,
    author = {Koo Ping Shung},
    title = {Accuracy, Precision, Recall or F1?},
    journal = {https://towardsdatascience.com/accuracy-precision-recall-or-f1-331fb37c5cb9},
    volume = {},
    doi = {},
    year = {2018}
}
@article{article2,
author = {Jierula, Alipujiang and Wang, Shuhong and Oh, Tae-Min and Wang, Pengyu},
year = {2021},
month = {03},
pages = {2314},
title = {Study on Accuracy Metrics for Evaluating the Predictions of Damage Locations in Deep Piles Using Artificial Neural Networks with Acoustic Emission Data},
volume = {11},
journal = {Applied Sciences},
doi = {10.3390/app11052314}
}

